@inproceedings{barak2001possibility,
  title={On the (im) possibility of obfuscating programs},
  author={Barak, Boaz and Goldreich, Oded and Impagliazzo, Rusell and Rudich, Steven and Sahai, Amit and Vadhan, Salil and Yang, Ke},
  booktitle={Advances in cryptology-CRYPTO 2001},
  pages={1--18},
  year={2001},
  organization={Springer}
}

@incollection{canetti1997towards,
  title={Towards realizing random oracles: Hash functions that hide all partial information},
  author={Canetti, Ran},
  booktitle={Advances in Cryptology-CRYPTO'97},
  pages={455--469},
  year={1997},
  publisher={Springer}
}

@inproceedings{canetti1998perfectly,
  title={Perfectly one-way probabilistic hash functions (preliminary version)},
  author={Canetti, Ran and Micciancio, Daniele and Reingold, Omer},
  booktitle={Proceedings of the thirtieth annual ACM symposium on Theory of computing},
  pages={131--140},
  year={1998},
  organization={ACM}
}

@inproceedings{goldwasser2005impossibility,
  title={On the impossibility of obfuscation with auxiliary input},
  author={Goldwasser, Shafi and Kalai, Yael Tauman},
  booktitle={Foundations of Computer Science, 2005. FOCS 2005. 46th Annual IEEE Symposium on},
  pages={553--562},
  year={2005},
  organization={IEEE}
}

@incollection{bitansky2014impossibility,
  title={The impossibility of obfuscation with auxiliary input or a universal simulator},
  author={Bitansky, Nir and Canetti, Ran and Cohn, Henry and Goldwasser, Shafi and Kalai, Yael Tauman and Paneth, Omer and Rosen, Alon},
  booktitle={Advances in Cryptology--CRYPTO 2014},
  pages={71--89},
  year={2014},
  publisher={Springer}
}

@inproceedings{wee2005obfuscating,
  title={On obfuscating point functions},
  author={Wee, Hoeteck},
  booktitle={Proceedings of the thirty-seventh annual ACM symposium on Theory of computing},
  pages={523--532},
  year={2005},
  organization={ACM}
}

@inproceedings{garg2013candidate,
  title={Candidate indistinguishability obfuscation and functional encryption for all circuits},
  author={Garg, Shelly and Gentry, Craig and Halevi, Shai and Raykova, Mariana and Sahai, Anant and Waters, Brent},
  booktitle={Foundations of Computer Science (FOCS), 2013 IEEE 54th Annual Symposium on},
  pages={40--49},
  year={2013},
  organization={IEEE}
}

@inproceedings{bitansky2015,
  title={Indistinguishability obfuscation from functional encryption},
  author={Bitansky, Nir and Vaikuntanathan, Vinod},
  booktitle={Foundations of Computer Science (FOCS), 2015 IEEE 56th Annual Symposium on},
  pages={171--190},
  year={2015},
  organization={IEEE}
}

@inproceedings{gentry2015,
  title={Indistinguishability obfuscation from the multilinear subgroup elimination assumption},
  author={Gentry, Craig and Lewko, Allison Bishop and Sahai, Amit and Waters, Brent},
  booktitle={Foundations of Computer Science (FOCS), 2015 IEEE 56th Annual Symposium on},
  pages={151--170},
  year={2015},
  organization={IEEE}
}

@incollection{pass2014,
  title={Indistinguishability obfuscation from semantically-secure multilinear encodings},
  author={Pass, Rafael and Seth, Karn and Telang, Sidharth},
  booktitle={Advances in Cryptology--CRYPTO 2014},
  pages={500--517},
  year={2014},
  publisher={Springer}
}

@inproceedings{koppula2015,
  title={Indistinguishability obfuscation for turing machines with unbounded memory},
  author={Koppula, Venkata and Lewko, Allison Bishop and Waters, Brent},
  booktitle={Proceedings of the Forty-Seventh Annual ACM on Symposium on Theory of Computing},
  pages={419--428},
  year={2015},
  organization={ACM}
}

@incollection{goldwasser2007best,
  title={On best-possible obfuscation},
  author={Goldwasser, Shafi and Rothblum, Guy N},
  booktitle={Theory of Cryptography},
  pages={194--213},
  year={2007},
  publisher={Springer}
}
